%%% Example Bibtex %%%

@Inbook{Lieb2004,
    author="Lieb, Elliott H.
    and Yngvason, Jakob",
    editor="Nachtergaele, Bruno
    and Solovej, Jan Philip
    and Yngvason, Jakob",
    title="A Guide to Entropy and the Second Law of Thermodynamics",
    bookTitle="Statistical Mechanics: Selecta of Elliott H. Lieb",
    year="2004",
    publisher="Springer Berlin Heidelberg",
    address="Berlin, Heidelberg",
    pages="353--363",
    abstract="This article is intended for readers who, like us, were told that the second law of thermodynamics is one of the major achievements of the nineteenth cenwry---that it is a logical, perfect, and unbreakable law---but who were unsatisfied with the ``derivations'' of the entropy principle as found in textbooks and in popular writings.",
    isbn="978-3-662-10018-9",
    doi="10.1007/978-3-662-10018-9_19",
    url="https://doi.org/10.1007/978-3-662-10018-9_19"
}

@TechReport{dreyfus:1980,
	author = {Stuard E. Dreyfus and Hubert L. Dreyfus},
	title = {A Five-Stage Model Of The Mental Activities Involved In Directed Skill Acquisition},
	institution = {University of California, Berkley},
	year = {1980},
	url = {http://www.dtic.mil/cgi-bin/GetTRDoc?AD=ADA084551&Location=U2&doc=GetTRDoc.pdf},
}

@Online{fsf:2007,
	author = {{Free Software Foundation}},
	title = {{GNU AFFERO GENERAL PUBLIC LICENSE}},
	url = {http://www.gnu.org/licenses/agpl-3.0.de.html},
	year = {2023}
}

@article{smith,
    title={Locked-in Syndrome},
    author={Smith, Eimear and Delargy, Mark},
    journal={BMJ: British Medical Journal},
    volume={330},
    number={7488},
    pages={406},
    year={2005},
    publisher={BMJ Group}
}

@article{iqbal2018generic,
    title={A generic internet of things architecture for controlling electrical energy consumption in smart homes},
    author={Iqbal, Javed and Khan, Murad and Talha, Muhammad and Farman, Haleem and Jan, Bilal and Muhammad, Arshad and Khattak, Hasan Ali},
    journal={Sustainable cities and society},
    volume={43},
    pages={443--450},
    year={2018},
    publisher={Elsevier}
}

@book{Rowling1998-wb,
    title     = "Harry Potter Und Der Stein Der Weisen",
    author    = "Rowling, J K",
    publisher = "Carlsen Verlag",
    series    = "Harry Potter",
    month     =  dec,
    year      =  1998,
    address   = "Hamburg, Germany",
    language  = "de"
}

@Unpublished{mustermann:2024,
    author = {Max Mustermann},
    title = {{Das Musterthema}},
    year = {2024},
    address = {Musterstadt},
    note = {{Laborarbeit}}
}